
@misc{noauthor_nathisgreen_nodate,
	title = {{NathisGreen} / pcgdungeons — {Bitbucket}},
	url = {https://bitbucket.org/NathisGreen/pcgdungeons/src/master/},
	urldate = {2022-10-03},
	file = {NathisGreen / pcgdungeons — Bitbucket:C\:\\Users\\micha\\Zotero\\storage\\X3P2CZ7A\\master.html:text/html},
}

@article{williams_investigation_nodate,
	title = {An {Investigation} in {Techniques} used to {Procedurally} {Generate} {Dungeon} {Structures}},
	url = {http://www.nathanmwilliams.com/files/AnInvestigationIntoDungeonGeneration.pdf},
	language = {en},
	author = {Williams, Nathan},
	file = {Williams - An Investigation in Techniques used to Procedurall.pdf:C\:\\Users\\micha\\Zotero\\storage\\DC9YLD4G\\Williams - An Investigation in Techniques used to Procedurall.pdf:application/pdf},
}

@article{linden_procedural_2014,
	title = {Procedural {Generation} of {Dungeons}},
	volume = {6},
	doi = {10.1109/TCIAIG.2013.2290371},
	journal = {Computational Intelligence and AI in Games, IEEE Transactions on},
	author = {Linden, Roland and Lopes, Ricardo and Bidarra, Rafael},
	month = mar,
	year = {2014},
	pages = {78--89},
	file = {Full Text PDF:C\:\\Users\\micha\\Zotero\\storage\\PG2ZNL2T\\Linden et al. - 2014 - Procedural Generation of Dungeons.pdf:application/pdf},
}

@misc{roguelike_celebration_herbert_2020,
	title = {Herbert {Wolverson} - {Procedural} {Map} {Generation} {Techniques}},
	url = {https://www.youtube.com/watch?v=TlLIOgWYVpI},
	urldate = {2022-10-03},
	author = {{Roguelike Celebration}},
	month = oct,
	year = {2020},
}
